@misc{maven,
	Howpublished={\url{http://maven.apache.org}},
	Title={{Project Maven Website}}
}

@misc{jade,
	Howpublished={\url{http://jade.tilab.com}},
	Title={{Project JADE Website}}
}

@misc{jenkins,
	Howpublished={\url{http://jenkins-ci.org}},
	Title={{Project Jenkins Website}}
}

@misc{redmine,
	Howpublished={\url{http://www.redmine.org}},
	Title={{Project Redmine Website}}
}

@misc{javadoc,
	Howpublished={\url{http://en.wikipedia.org/wiki/Javadoc}},
	Title={{Javadoc Wikipedia Page}}
}

@misc{cloc,
	Howpublished={\url{http://cloc.sourceforge.net}},
	Title={{Cloc Project Website}}
}

@article{kirilenko2011,
	author = {Andrei A. Kirilenko and Albert P. Kyle and Mehrdad Samadi and Tugkan Tuzun},
	journal = {Traders},
	title = {{The Flash Crash: The Impact of High Frequency Trading on an 	Electronic Market}},
	year = {2011}
}

@phdthesis{Boer-Sorban2008,
	author = {Boer-Sorban, Katalin},
	title = {{Agent-Based Simulation of Financial Markets. A modular, continuous-time approach.}},
	year = {2008}
}

@article{Jha2010,
	author = {Jha, Ashutosh and Mohan, Jitesh and Vidyapeetham, Amrita Vishwa and Nadu, Tamil},
	journal = {International Journal on Computer Science and Engineering},
	number = {09},
	pages = {3025--3032},
	title = {{A survey of Call Market (Discrete) Agent Based Artificial Stock Markets}},
	volume = {02},
	year = {2010}
}