@misc{Mathematica,
	author = {{Wolfram}},
	title = {{Wolfram Mathematica 8}},
	url = {{http://www.wolfram.com/mathematica/}}
}

@misc{commons-math,
	author = {{Apache Software Foundation}},
	title = {{Commons Math: The Apache Commons Mathematics Library}},
	url = {{http://commons.apache.org/math/}}
}

@misc{logback,
	author = {{LOGBack}},
	title = {{LOGBack - The Generic, Reliable Fast \& Flexible Logging Framework}},
	url = {{http://logback.qos.ch/}}
}

@misc{SLF4J,
	author = {{SLF4J}},
	title = {{Simple Logging Facade for Java (SLF4J)}},
	url = {{http://www.slf4j.org/}}
}

@misc{JADE,
	author = {{JADE Governing Board organization}},
	title = {{Java Agent DEvelopment Framework}},
	url = {{http://jade.tilab.com/}}
}

@misc{OSGi,
	author = {{OSGi Alliance}},
	title = {{OSGi$^{\rm TM}$ - The Dynamic Module System for Java$^{\rm TM}$}},
	url = {{http://www.osgi.org/Main/HomePage}}
}

@ARTICLE{Treleaven, 
	author={{Nuti, G. and Mirghaemi, M. and Treleaven, P. and Yingsaeree, C.}}, 
	journal={{Computer}}, 
	title={{Algorithmic Trading}}, 
	year={2011}, 
	month={November}, 
	volume={44}, 
	number={11}, 
	pages={61--69}, 
	keywords={agency-broker execution;algorithmic trading process;computer program;data analysis;electronic financial market;pretrade analysis;principal-proprietary trading;trade execution;trading signal generation;data analysis;electronic commerce;financial data processing;}, 
	doi={10.1109/MC.2011.31}, 
	ISSN={0018-9162}
}

@techreport{Cisco,
	title = {{Cloud Computing for Financial Markets}},
	author = {{Cisco Systems, Inc.}},
	url = {{http://www.cisco.com/web/strategy/docs/finance/cloud_wp_c112D518876.pdf}},
	year = {{2011}}
}

@article{Rabhi2007, 
	title={{A service-oriented architecture for financial business processes: A case study in trading strategy simulation}}, 
	volume={5}, 
	url={http://www.scopus.com/inward/record.url?eid=2-s2.0-33947369753&partnerID=40&md5=c1ef21b2dcf3086789b2f4de03e630e8}, 
	number={2}, 
	journal={{Information Systems and eBusiness Management}}, 
	author={{Rabhi, Fethi A and Yu, Hairong and Dabous, Feras T and Wu, Sunny Y}}, 
	year={2007}, 
	pages={185--200}
}

@TechReport{Paraschiv2008,
  author={Srinivas Raghavendra and Daniel Paraschiv},
  title={A Framework for Testing Algorithmic Trading Strategies},
  year=2008,
  institution={National University of Ireland Galway, Department of Economics},
  type={Working Papers},
  url={http://ideas.repec.org/p/nig/wpaper/0139.html},
  number={0139},
  keywords={Artificial Stock Market; Double Auction; Back Testing; Algorithmic Trading; MACD}
}

@article{MacKenzie2011,
	author = {{MacKenzie, D.}},
	year = {{2011}},
	title = {{How to Make Money in Microseconds}},
	publisher = {{London Review of Books [Online]}},
	volume = {{22}},
	pages = {{16--18}},
	chapter = {{10}},
	url = {http://www.lrb.co.uk/v33/n10/donald-mackenzie/how-to-make-money-in-microseconds}
}

@InCollection{Tesfatsion2006,
  author={{Tesfatsion, Leigh}},
  editor={{Leigh Tesfatsion and Kenneth L. Judd}},
  title={{Agent-Based Computational Economics: A Constructive Approach to Economic Theory}},
  booktitle={{Handbook of Computational Economics}},
  publisher={{Elsevier}},
  year={{2006}},
  volume={2},
  series={{Handbook of Computational Economics}},
  chapter={16},
  pages={831-880},
  url={http://ideas.repec.org/h/eee/hecchp/2-16.html}
}

@article{Schwartz1995, 
	title={{Electronic Call Market Trading}}, 
	volume={21}, 
	url={http://papers.ssrn.com/sol3/papers.cfm?abstract_id=6525}, 
	number={3}, 
	journal={{Journal of Portfolio Management}}, 
	author={Economides, Nicholas and Schwartz, Robert A}, 
	year={1995}, 
	pages={10--18}
}

@misc{JConsole,
	author = {{Oracle Corporation}},
	title = {{JConsole}},
	url = {{http://docs.oracle.com/javase/6/docs/technotes/guides/management/jconsole.html}}
}

@misc{Metrics,
	author = {{Coda Hale, Yammer Inc.}},
	title = {{Metrics - Capturing JVM and application-level metrics. So you know what's going on.}},
	url = {{http://metrics.codahale.com/}}
}

@misc{Cobertura,
	title = {{Cobertura}},
	url = {{http://cobertura.sourceforge.net/}}
}	

@misc{Jenkins,
	title = {{Jenkins - an extendable open source continuous integration server}},
	url = {{http://jenkins-ci.org/}}
}

@misc{DynamicProxy,
	title = {{Dynamic Proxy API}},
	url = {{http://docs.oracle.com/javase/6/docs/api/java/lang/reflect/Proxy.html}}
}

@misc{Powermock,
	title = {{PowerMock is a Java framework that allows you to unit test code normally regarded as untestable.}},
	url = {{http://code.google.com/p/powermock/}}
}

@misc{Mockito,
	title = {{mockito - simpler \& better mocking}},
	url = {{http://code.google.com/p/mockito/}}
}

@misc{Hamcrest,
	title = {{Hamcrest - library of matchers for building test expressions}},
	url = {{http://code.google.com/p/hamcrest/}}
}
	

@misc{TestNG,
	author = {{CÃ©dric Beust}},
	title = {{TestNG}},
	url = {{http://testng.org/}}
}

@misc{AgileManifesto,
	author = {{Agile Alliance}},
	title = {{Agile Manifesto}},
	url = {{http://agilemanifesto.org/iso/en/}}
}

@misc{QUICKFIXJ,
author = {{quickfixj.org}},
title = {{QuickFIX/J - 100\% Java Open Source FIX Engine}},
url = {{http://quickfixj.org}}
} 

@misc{BATSPITCH,
author = {{BATS Trading Limited}},
title = {{BATS Chi-X Europe Multicast PITCH Specification, Version 4.8}},
month = {{March}},
year = {{2012}},
url = {{http://fixprotocol.org/}}
}

@misc{FIX5,
author = {{FIX Protocol Limited (FPL)}},
title = {{Financial Information eXchange Protocol}},
url = {{http://fixprotocol.org/}}
}

@misc{guava,
author = {{Google Inc.}},
title = {{guava-libraries}},
url = {{http://code.google.com/p/guava-libraries/}}
}

@article{Bouchaud2004,
  title={{Fluctuations and response in Financial Markets: the subtle nature of random price changes}},
  author={Bouchaud, Jean-Philippe  and Gefen, Yuval and Potters, Marc and Wyart, Matthieu},
  journal={Quantitative Finance},
  year={2004},
  location={http://ssrn.com/paper=507322},
  volume={4},
  pages={{176--190}}
}

@ARTICLE{Scalas2004,
  author = {Enrico Scalas and Rudolf Gorenflo and Hugh Luckock and Francesco Mainardi and Maurizio Mantelli and Marco Raberto},
  title = {{Anomalous waiting times in high-frequency financial data}},
  journal = {{Quantitative Finance}},
  volume = {4},
  pages = {695},
  url = {http://www.citebase.org/abstract?id=oai:arXiv.org:physics/0505210},
  year = {2004}
}

@Article{Clark1973,
  author={Clark, Peter K},
  title={{A Subordinated Stochastic Process Model with Finite Variance for Speculative Prices}},
  journal={Econometrica},
  year=1973,
  volume={41},
  number={1},
  pages={135-55},
  month={January},
  url={http://ideas.repec.org/a/ecm/emetrp/v41y1973i1p135-55.html}
}

@article{Raberto2001,
	author={{Marco Raberto and Silvano Cincotti and Sergio M. Focardi and Michele Marchesi}},
	title={{Agent-based simulation of a financial market}},
	journal={{Physica A}},
	number={{299}},
	pages={{319--327}}
}

@Article{Lebaron99,
  author={LeBaron, Blake and Arthur, W. Brian and Palmer, Richard},
  title={{Time series properties of an artificial stock market}},
  journal={{Journal of Economic Dynamics and Control}},
  year=1999,
  volume={23},
  number={9-10},
  pages={1487-1516},
  month={September},
  keywords={},
  url={http://ideas.repec.org/a/eee/dyncon/v23y1999i9-10p1487-1516.html}
}

@INPROCEEDINGS{Lebaron2002,
    author = {Blake Lebaron},
    title = {{Building the Santa Fe Artificial Stock Market}},
    booktitle = {{School of International Economics and Finance, Brandeis}},
    year = {2002},
    pages = {1117--1147}
}

@Article{Lilo2004,
  author={Fabrizio Lillo and J. Doyne Farmer},
  title={{The Long Memory of the Efficient Market}},
  journal={{Studies in Nonlinear Dynamics \& Econometrics}},
  year=2004,
  volume={8},
  number={3},
  pages={1},
  keywords={Long-memory processes; order flow; limit order book; market efficiency},
}

@article{Comerton2004, 
  type={Working Paper Series},
  title={{A Review of Stock Market Microstructure}},
  author={Comerton-Forde, Carole  and Rydge, James  },
  journal={SSRN eLibrary},
  year={2004},
  publisher={SSRN},
  doi={10.2139/ssrn.710801},
  keywords={microstructure, trading rules},
  location={http://ssrn.com/paper=710801},
  language={English}
}

@article{Kirilenko2011,
	author = {Andrei A. Kirilenko and Albert S. Kyle and Mehrdad Samadi and Tugkan Tuzun},
	journal = {Traders},
	title = {{The Flash Crash: The Impact of High Frequency Trading on an Electronic Market}},
	month = {January},
	year = {2011}
}

@misc{Nyse2009,
author = {{New York Stock Exchange LLC}},
title = {{Hearing Board Decision 09-NYSE-24}},
month = {November},
year = {2009},
url = {{http://www.nyse.com/pdfs/09-NYSE-24.pdf}}
}

@article{Coggins2006,
author = {Coggins, Richard and Lim, Marcus and Lo, Kevin},
journal = {Exchange Organizational Behavior Teaching Journal},
pages = {518--547},
title = {{Algorithmic Trade Execution and Market Impact}},
year = {2006}
}

@article{Lenglet,
	author = {Marc Lenglet},
	title = {{The 'Algo revolution': rising machines and the coding of practices}}
}

@inproceedings{Kakade2004,
 author = {Kakade, Sham M. and Kearns, Michael and Mansour, Yishay and Ortiz, Luis E.},
 title = {{Competitive algorithms for VWAP and limit order trading}},
 booktitle = {Proceedings of the 5th ACM conference on Electronic commerce},
 series = {EC '04},
 year = {2004},
 isbn = {1-58113-771-0},
 location = {New York, NY, USA},
 pages = {189--198},
 numpages = {10},
 url = {http://doi.acm.org/10.1145/988772.988801},
 doi = {10.1145/988772.988801},
 acmid = {988801},
 publisher = {ACM},
 address = {New York, NY, USA},
 keywords = {competitive analysis, online trading, vwap},
}

@phdthesis{Sorban2008,
author = {Boer-Sorban, Katalin},
title = {{Agent-Based Simulation Agent-Based Simulation of Financial Markets}}
year = {2008}
}

@phdthesis{Das2006,
	author = {{Sanmay Das}},
	title = {{Dealers, Insiders and Bandits: Learning and its Effects on Market Outcomes}},
	month = {{June}},
	year = {2006}
}

@phdthesis{Gilles2006,
author = {Gilles, Daniel},
title = {{Asynchronous Simulations of a Limit Order Book}},
year = {2006}
}

@article{Jha2010,
	author = {Jha, Ashutosh and Mohan, Jitesh and Vidyapeetham, Amrita Vishwa and Nadu, Tamil},
	journal = {International Journal on Computer Science and Engineering},
	number = {09},
	pages = {3025--3032},
	title = {{A survey of Call Market (Discrete) Agent Based Artificial Stock Markets}},
	volume = {02},
	year = {2010}
}

@article{Farmer2009,
author = {Farmer, J Doyne and Foley, Duncan},
doi = {10.1038/460685a},
issn = {1476-4687},
journal = {Nature},
month = aug,
number = {7256},
pages = {685--6},
pmid = {19661896},
title = {{The economy needs agent-based modelling.}},
volume = {460},
year = {2009}
}

@book{Gof1995,
    address = {Boston, MA, USA},
    author = {Gamma, Erich and Helm, Richard and Johnson, Ralph and Vlissides, John},
    isbn = {0-201-63361-2},
    keywords = {programming},
    publisher = {Addison-Wesley Longman Publishing Co., Inc.},
    title = {{Design patterns: elements of reusable object-oriented software}},
    year = {1995}
}

@book{Myers2004,
  title={{The art of software testing}},
  author={Myers, G.J. and Badgett, T. and Sandler, C. and Thomas, T.M.},
  isbn={9780471469124},
  lccn={40022270},
  series={{Business Data Processing: A Wiley Series}},
  year={2004},
  publisher={{John Wiley \& Sons}}
}

@ARTICLE{Beck2001, 
	author={Beck, K.}, 
	journal={Software, IEEE}, 
	title={{Aim, fire}}, 
	year={2001}, 
	month={September/October}, 
	volume={18}, 
	number={5}, 
	pages={87-89}, 
	keywords={program testing;programming;software design technique;systems analysis;test-first coding;program testing;systems analysis;}, 
	doi={10.1109/52.951502}, 
	ISSN={0740-7459}
}

@article{Siniaalto2007,
author = {Siniaalto, Maria and Abrahamsson, Pekka},
doi = {10.1109/ESEM.2007.35},
isbn = {978-0-7695-2886-1},
journal = {First International Symposium on Empirical Software Engineering and Measurement (ESEM 2007)},
month = {September},
pages = {275--284},
publisher = {Ieee},
title = {{A Comparative Case Study on the Impact of Test-Driven Development on Program Design and Test Coverage}},
year = {2007}
}
 